<?xml version="1.0" encoding="UTF-8"?><record xmlns="http://www.loc.gov/MARC21/slim" xmlns:cinclude="http://apache.org/cocoon/include/1.0" xmlns:zs="http://www.loc.gov/zing/srw/">
  <leader>00470cz  a2200145n  4500</leader>
  <controlfield tag="001">n  98048244 </controlfield>
  <controlfield tag="003">DLC</controlfield>
  <controlfield tag="005">20001129074347.0</controlfield>
  <controlfield tag="008">980527n| acannaabn          |a aaa      </controlfield>
  <datafield tag="010" ind1=" " ind2=" ">
    <subfield code="a">n  98048244 </subfield>
  </datafield>
  <datafield tag="035" ind1=" " ind2=" ">
    <subfield code="a">(OCoLC)oca04738200</subfield>
  </datafield>
  <datafield tag="040" ind1=" " ind2=" ">
    <subfield code="a">DLC</subfield>
    <subfield code="b">eng</subfield>
    <subfield code="c">DLC</subfield>
    <subfield code="d">DLC</subfield>
    <subfield code="d">OCoLC</subfield>
  </datafield>
  <datafield tag="100" ind1="1" ind2=" ">
    <subfield code="a">Aguilar Umaña, Isabel,</subfield>
    <subfield code="d">1971-</subfield>
  </datafield>
  <datafield tag="400" ind1="1" ind2=" ">
    <subfield code="a">Umaña, Isabel Aguilar,</subfield>
    <subfield code="d">1971-</subfield>
  </datafield>
  <datafield tag="670" ind1=" " ind2=" ">
    <subfield code="a">Un tributo póstumo a la muerte, 1997:</subfield>
    <subfield code="b">t.p. (Isabel Aguilar Umaña) cover flap (b. Guatemala, 1971)</subfield>
  </datafield>
</record>